@article{tversky_elimination_1972,
	title = {Elimination by aspects: {A} theory of choice},
	volume = {79},
	copyright = {(c) 2016 APA, all rights reserved},
	issn = {1939-1471 0033-295X},
	shorttitle = {Elimination by aspects},
	doi = {10.1037/h0032955},
	number = {4},
	journal = {Psychological Review},
	author = {Tversky, Amos},
	year = {1972},
	pages = {281--299}
}
